@inproceedings{Aalam-2022-a,
author="Aalam, Zunaid
and Kaur, Satnam
and Vats, Prashant
and Kaur, Amandeep
and Saxena, Rini",
editor="Nagar, Atulya K.
and Jat, Dharm Singh
and Mar{\'i}n-Ravent{\'o}s, Gabriela
and Mishra, Durgesh Kumar",
title="A Comprehensive Analysis of Testing Efforts Using the Avisar Testing Tool for Object Oriented Softwares",
booktitle="Intelligent Sustainable Systems",
year="2022",
publisher="Springer Singapore",
address="Singapore",
pages="385--394"
}

@inproceedings{Alexandrov-2016-a,
author="Alexandrov, Alexander",
editor="Andreasen, Troels
and Christiansen, Henning
and Kacprzyk, Janusz
and Larsen, Henrik
and Pasi, Gabriella
and Pivert, Olivier
and De Tr{\'e}, Guy
and Vila, Maria Amparo
and Yazici, Adnan
and Zadro{\.{z}}ny, S{\l}awomir",
title="Ad-hoc Kalman Filter Based Fusion Algorithm for Real-Time Wireless Sensor Data Integration",
booktitle="Flexible Query Answering Systems 2015",
year="2016",
publisher="Springer International Publishing",
address="Cham",
pages="151--159",
isbn="978-3-319-26154-6"
}

@article{Angelova-2009-a,
author={Angelova, Vera},
title={Investigations in the Area of Soft Computing Targeted State of the Art Report},
journal={Cybernetics and Information Technologies},
year={2009},
volume={9},
number={1},
pages={18--24},
}

@inproceedings{Balabanov-2020-a,
author="Balabanov, Todor
and Zankinski, Iliyan
and Tomov, Petar
and Petrov, Plamen
and Kostadinov, Georgi",
title="Distributed Computing Cybersecurity in Donated Computing Resources For Evolutionary Algorithms",
booktitle="SCIENTIFIC CONFERENCE CURRENT SECURITY PROBLEMS",
year="2020",
publisher="Publishing complex of Vasil Levski National University",
pages="697--704",
issn="2367-7473"
}

@misc{Balabanov-2022-a,
author={Balabanov, Todor},
title={Vitosha Trade Android Client},
publisher="Velbazhd Software LLC",
url={https://github.com /TodorBalabanov/ Vitosha-Trade-Android-Client},
year={2016},
}

@article{Balabanov-2016-a,
author = {Balabanov, Todor and Zankinski, Iliyan and Barova, Maria},
title = {Strategy for Individuals Distribution by Incident Nodes Participation in Star Topology of Distributed Evolutionary Algorithms},
year = {2016},
issue_date = {3 2016},
publisher = {Walter de Gruyter GmbH},
address = {Berlin, DEU},
volume = {16},
number = {1},
issn = {1314-4081},
journal = {Cybern. Inf. Technol.},
month = {mar},
pages = {80–88},
numpages = {9}
}

@article{Bibi-2021-a,
author = {Bibi, Iram and Akhunzada, Adnan and Malik, Jahanzaib and Khan, Muhammad Khurram and Dawood, Muhammad},
title = {Secure Distributed Mobile Volunteer Computing with Android},
year = {2021},
issue_date = {February 2022},
publisher = {Association for Computing Machinery},
address = {New York, NY, USA},
volume = {22},
number = {1},
issn = {1533-5399},
month = {sep},
articleno = {2},
numpages = {21}
}

@article{Borissova-2015-a,
author = {Borissova, Daniela and Mustakerov, Ivan},
year = {2015},
month = {04},
pages = {120-127},
title = {Open job shop scheduling via enumerative combinatorics},
volume = {9},
journal = {INTERNATIONAL JOURNAL OF MATHEMATICAL MODELS AND METHODS IN APPLIED SCIENCES}
}

@inproceedings{Dimitrov-2021-a,
author="Dimitrov, Willian
and Jekov, Boyan
and Hristov, Peyo",
editor="Silhavy, Radek",
title="Analysis of the Cybersecurity Weaknesses of DLT Ecosystem",
booktitle="Software Engineering and Algorithms",
year="2021",
publisher="Springer International Publishing",
address="Cham",
pages="645--655",
isbn="978-3-030-77442-4"
}

@inproceedings{Dineva-2019-a,
author = {Dineva, Kristina and Atanasova, Tatiana},
title = {Methodology for Data Processing in Modular IoT System},
year = {2019},
isbn = {978-3-030-36613-1},
publisher = {Springer-Verlag},
address = {Berlin, Heidelberg},
booktitle = {Distributed Computer and Communication Networks: 22nd International Conference, DCCN 2019, Moscow, Russia, September 23–27, 2019,  Revised Selected Papers},
pages = {457–468},
numpages = {12},
keywords = {Heterogeneous data, Imbalanced datasets, IoT, Data processing},
location = {Moscow, Russia}
}

@inproceedings{Di-Pietro-2004-a,
author={Di Pietro, A. and While, L. and Barone, L.},
booktitle={Proceedings of the 2004 Congress on Evolutionary Computation (IEEE Cat. No.04TH8753)}, 
title={Applying evolutionary algorithms to problems with noisy, time-consuming fitness functions}, 
year={2004},
volume={2},
pages={1254--1261},
}

@article{Gong-2015-a,
title = {Distributed evolutionary algorithms and their models: A survey of the state-of-the-art},
author = {Yue-Jiao Gong and Wei-Neng Chen and Zhi-Hui Zhan and Jun Zhang and Yun Li and Qingfu Zhang and Jing-Jing Li},
journal = {Applied Soft Computing},
volume = {34},
pages = {286-300},
year = {2015},
issn = {1568-4946}
}

@article{Hillis-1986-a,
author = {Hillis, W. Daniel and Steele, Guy L.},
title = {Data Parallel Algorithms},
year = {1986},
issue_date = {Dec. 1986},
publisher = {Association for Computing Machinery},
address = {New York, NY, USA},
volume = {29},
number = {12},
issn = {0001-0782},
journal = {Commun. ACM},
month = {dec},
pages = {1170–1183},
numpages = {14}
}

@article{Huo-2018-a,
author = {Huo, Jiuyuan and Liu, Liqun and Bibbo, Daniele},
title = {An Optimization Framework of Multiobjective Artificial Bee Colony Algorithm Based on the MOEA Framework},
year = {2018},
issue_date = {2018},
publisher = {Hindawi Limited},
address = {London, GBR},
volume = {2018},
issn = {1687-5265},
journal = {Intell. Neuroscience},
month = {jan},
numpages = {26}
}

@article{Kolarik-1994-a,
author = {Kolarik, Thomas and Rudorfer, Gottfried},
title = {Time Series Forecasting Using Neural Networks},
year = {1994},
issue_date = {Sept. 1994},
publisher = {Association for Computing Machinery},
address = {New York, NY, USA},
volume = {25},
number = {1},
issn = {0163-6006},
journal = {SIGAPL APL Quote Quad},
month = {aug},
pages = {86–94},
numpages = {9}
}

@article{Lee-2015-a,
author = {Lee, Hyung-Guk and Yi, Chang-Yong and Lee, Dong-Eun and Arditi, David},
title = {An Advanced Stochastic Time-Cost Tradeoff Analysis Based on a CPM-Guided Genetic Algorithm},
journal = {Computer-Aided Civil and Infrastructure Engineering},
volume = {30},
number = {10},
pages = {824--842},
year = {2015}
}

@inproceedings{Mateeva-2021-a,
author={Mateeva, Gergana and Tomov, Petar and Parvanov, Dimitar and Petrov, Plamen and Kostadinov, Georgi and Balabanov, Todor},
booktitle={2021 Big Data, Knowledge and Control Systems Engineering (BdKCSE)}, 
title={Some Capabilities of Android OS for Distributed Computing}, 
year={2021},
pages={1-6},
}

@inproceedings{Orellana-2012-a,
author={Orellana, Frederik and Niinimaki, Marko},
booktitle={2012 Seventh International Conference on P2P, Parallel, Grid, Cloud and Internet Computing}, 
title={Distributed Computing with RESTful Web Services}, 
year={2012},
pages={103-110}
}

@inproceedings{Petrov-2021-a,
author = {Petrov, Iliyan},
title = {AHP Enlargement in Traditional Entropy-TOPSIS Approach for Selecting Desktop Personal Computers for Distance Learning: Decomposition of Evaluation Criteria in Blocks with AHP for Better Consideration of Users’ Needs in the MCDM Process on the Example of the Entropy-TOPSIS Approach},
year = {2021},
isbn = {9781450389822},
publisher = {Association for Computing Machinery},
address = {New York, NY, USA},
booktitle = {International Conference on Computer Systems and Technologies '21},
pages = {61–66},
numpages = {6},
keywords = {AHP, entropy, computer hardware, MCDA, distance learning, MCDM, TOPSIS},
location = {Ruse, Bulgaria},
series = {CompSysTech '21}
}

@inproceedings{Sanders-1997-a,
author="Sanders, Peter
and Hansch, Thomas",
editor="Bilardi, Gianfranco
and Ferreira, Afonso
and L{\"u}ling, Reinhard
and Rolim, Jos{\'e}",
title="Efficient massively parallel quicksort",
booktitle="Solving Irregularly Structured Problems in Parallel",
year="1997",
publisher="Springer Berlin Heidelberg",
address="Berlin, Heidelberg",
pages="13--24",
isbn="978-3-540-69157-0"
}

@incollection{Shi-2010-a,
author="Shi, L.
and Rasheed, K.",
editor="Tenne, Yoel
and Goh, Chi-Keong",
title="A Survey of Fitness Approximation Methods Applied in Evolutionary Algorithms",
bookTitle="Computational Intelligence in Expensive Optimization Problems",
year="2010",
publisher="Springer Berlin Heidelberg",
address="Berlin, Heidelberg",
pages="3--28",
isbn="978-3-642-10701-6"
}

@article{Sinha-1992-a,
author = {Sinha, Alok},
title = {Client-Server Computing},
year = {1992},
issue_date = {July 1992},
publisher = {Association for Computing Machinery},
address = {New York, NY, USA},
volume = {35},
number = {7},
issn = {0001-0782},
journal = {Commun. ACM},
month = {jul},
pages = {77–98},
numpages = {22}
}

@incollection{Sudholt-2015-a,
author="Sudholt, Dirk",
editor="Kacprzyk, Janusz
and Pedrycz, Witold",
title="Parallel Evolutionary Algorithms",
bookTitle="Springer Handbook of Computational Intelligence",
year="2015",
publisher="Springer Berlin Heidelberg",
address="Berlin, Heidelberg",
pages="929--959",
isbn="978-3-662-43505-2",
}

@inproceedings{Tashev-2019-a,
author = {Tashev, Tasho and Tasheva, Radostina and Petrov, Petar},
title = {Determination of the Computer Modelling Precision for Throughput of Switch Node with LPF-Algorithm},
year = {2019},
isbn = {9781450371490},
publisher = {Association for Computing Machinery},
address = {New York, NY, USA},
booktitle = {Proceedings of the 20th International Conference on Computer Systems and Technologies},
pages = {141–145},
numpages = {5},
keywords = {Crossbar switch node, Computer simulations, Modelling, Computer systems and technologies},
location = {Ruse, Bulgaria},
series = {CompSysTech '19}
}

@article{Tomov-2021-a,
author={Tomov, Petar},
title={Encog Gradient Training Algorithms Evaluation},
journal={Problems of Engineering Cybernetics and Robotics},
year={2021},
volume={77},
pages={11--19},
}

@article{Tomov-2021-b,
author={Tomov, Petar},
title={Multilayer Perceptron Fast Prototyping with Differential Evolution and Particle Swarm Optimization in LibreOffice Calc},
journal={Problems of Engineering Cybernetics and Robotics},
year={2021},
volume={75},
pages={5--14}
}

@article{Tomov-2019-a,
author={Tomov, Petar
and Zankinski, Iliyan
and Balabanov, Todor},
title={Server Side Vote Clustering in Human-Computer Distributed Computing},
journal={Information Technologies and Control},
year={2019},
volume={2},
pages={15--19},
issn={2367-5357}
}

@article{Vural-2012-a,
author={Vural, Revna Acar and Yildirim, Tulay and Kadioglu, Tevfik and Basargan, Aysen},
journal={IEEE Transactions on Evolutionary Computation},
title={Performance Evaluation of Evolutionary Algorithms for Optimal Filter Design},
year={2012},
volume={16},
number={1},
pages={135--147}
}

@inproceedings{Weinbub-2012-a,
author="Weinbub, Josef
and Rupp, Karl
and Selberherr, Siegfried",
editor="Lirkov, Ivan
and Margenov, Svetozar
and Wa{\'{s}}niewski, Jerzy",
title="Towards Distributed Heterogenous High-Performance Computing with ViennaCL",
booktitle="Large-Scale Scientific Computing",
year="2012",
publisher="Springer Berlin Heidelberg",
address="Berlin, Heidelberg",
pages="359--367",
isbn="978-3-642-29843-1"
}